<?xml version="1.0" encoding="UTF-8"?><collection xmlns="http://www.loc.gov/MARC21/slim"><record><leader>00597nam--2200181-u-4500</leader><controlfield tag="001">000054445</controlfield><controlfield tag="002">20161230</controlfield><controlfield tag="005">20161230201051</controlfield><controlfield tag="008">111213s1000------------r-----000-0-rum-d</controlfield><datafield ind1=" " ind2=" " tag="040"><subfield code="a">IFIN-HH</subfield></datafield><datafield ind1=" " ind2=" " tag="041"><subfield code="a">rum</subfield></datafield><datafield ind1="1" ind2=" " tag="100"><subfield code="a">Constantin, Angela</subfield></datafield><datafield ind1="1" ind2="0" tag="245"><subfield code="a">Studii si cercetari in domeniul macroseismologiei, cu aplicatie pentru cutremurele produse pe teritoriul romaniei</subfield><subfield code="b">Teza</subfield><subfield code="c">Angela constantin</subfield></datafield><datafield ind1=" " ind2=" " tag="260"><subfield code="a">Bucuresti</subfield><subfield code="b">Facultatea De Fizica</subfield><subfield code="c">2011</subfield></datafield><datafield ind1=" " ind2=" " tag="300"><subfield code="a">262P</subfield></datafield><datafield ind1=" " ind2=" " tag="502"><subfield code="a">Conducator Stiintific, Prof.Dr. Ing Cheorghe Marmureanu</subfield></datafield><datafield ind1=" " ind2=" " tag="852"><subfield code="a">82227</subfield><subfield code="c">550.3</subfield></datafield><datafield ind1=" " ind2=" " tag="CAT"><subfield code="a">Sys</subfield><subfield code="c">20120801</subfield><subfield code="h">141732</subfield></datafield></record></collection>